2450 4034
275 425 323 473 n
409 347 849 496 'rnnrarro

241 534 320 594 nes,
354 535 420 601 quae
441 512 517 581 olim
538 513 620 580 vitiis
641 513 797 590 hominum
818 514 852 582 δι
873 511 1049 600 cupiditati·

242 597 295 663 bus
316 594 396 662 ltena
410 593 576 662 laxabant:
601 615 697 683 neque
716 599 818 692 ignota
837 595 877 662 etl
897 620 1048 664 novorum

242 677 440 770 quorumdam
460 669 655 758 perverlitas,
684 698 737 760 qur
760 678 790 743 in
810 693 894 743 tanta
915 672 980 745 luce
999 699 1049 744 re·

242 757 382 838 ltgionis‚
402 779 461 824 non
483 755 551 822 satis
572 755 719 836 elegantes
736 755 766 822 se
785 757 922 824 habiturn
933 759 969 828 iri
989 779 1049 840 pu-

242 856 405 915 taverunt,
434 833 487 903 nifi
508 857 636 921 nequam
665 837 757 902 etiam
777 859 813 902 ac
841 837 995 904 dillolutos
1017 837 1051 904 se

199 943 204 952 ·
267 918 456 998 raebuillent,
487 917 516 980 id
536 915 648 983 scilicet
668 917 706 982 ad
725 915 891 984 absolutam
913 936 1050 985 veterum
1147 932 1151 934 ’

243 999 447 1065 smitationern
469 997 615 1088 pertinere
636 993 807 1078 ipsrsvilum
829 995 887 1064 est.
908 999 1052 1082 Quamo-

243 1079 350 1156 brem,
371 1097 404 1142 ut
426 1097 494 1156 apes
515 1097 545 1139 rn
567 1091 655 1156 prato
675 1073 782 1141 florum
795 1077 930 1144 omnium
952 1077 1052 1144 varie·

245 1175 310 1240 tate
329 1153 486 1228 diutino,
507 1153 544 1224 iis
563 1153 747 1236 portisiorum
768 1154 909 1238 infident3
930 1157 964 1223 ἃ
984 1157 1052 1225 sno-

246 1259 315 1306 cum
337 1255 372 1302 er
396 1237 431 1301 iis
453 1233 598 1316 eliciunt,
628 1255 703 1319 quos
724 1235 762 1300 ad
782 1235 933 1310 mellificia
953 1238 1051 1322 tnagis

239 1319 367 1383 idoneos
388 1332 492 1382 tratura
505 1313 568 1398 ipsa
582 1314 760 1381 monstrante
778 1319 990 1401 cognoverint3
1013 1317 1053 1385 fic

247 1420 301 1464 vos
316 1397 405 1464 -decet
426 1418 461 1462 ex
482 1412 638 1478 poetarum
648 1396 829 1469 carminibus
847 1418 882 1464 ea
893 1420 959 1483 qnae
979 1417 1054 1480 pro-

247 1478 346 1548 futura
369 1476 511 1558 creditis,
533 1477 563 1542 in
582 1474 648 1544 usus
669 1478 774 1545 vellros
792 1479 966 1562 decerpere,
996 1501 1053 1545 no-

248 1559 298 1626 xia
322 1579 392 1626 ueto
412 1559 445 1649 ὃς
465 1557 584 1626 venenis
606 1558 695 1626 malis
716 1559 832 1628 imbuta
853 1559 900 1627 vel
918 1559 1054 1641 prateri-

247 1661 299 1724 re,
330 1639 376 1708 vol
397 1639 545 1720 abiicere.
574 1639 846 1722 Summus,
876 1639 1054 1726 quem-jure

248 1744 283 1787 ac
304 1722 415 1786 merito
435 1720 559 1800 diligitis
580 1717 613 1782 δι
636 1720 791 1800 probatis,
811 1720 917 1798 ingenii
930 1719 1054 1801 quidem
1149 1739 1151 1755 ‘

249 1799 474 1883 magnitudine,
506 1795 608 1876 judicii
631 1797 799 1888 gravitate1
829 1799 975 1862 bonarum
1003 1819 1055 1861 ar-

250 1883 328 1947 tium
349 1895 517 1963 apparatu,
550 1875 653 1943 Latini
674 1874 815 1941 sermonts
848 1873 995 1954 elegantia
1018 1875 1054 1940 δε

249 1963 373 2042 nitore,
407 1957 513 2028 ceteris
533 1957 660 2044 denique
679 1955 816 2024 omnibus
837 1973 903 2098 (liae
924 1954 955 2020 in
975 1952 1056 2049 lurn-
1149 2035 1151 2038 Ι

251 2065 303 2108 nto
324 2057 411 2124 poeta
433 2063 464 2107 te
487 2039 643 2115 nituntur,
672 2038 748 2100 adeo
767 2032 847 2099 excel
863 2050 908 2115 tt,
938 2053 972 2100 ut
1001 2055 1055 2102 vrx

251 2122 348 2187 ullum
368 2120 394 2180 ei
417 2061 648 2194 conierendum,
668 2113 717 2178 his
737 2111 889 2194 postremis
910 2115 1057 2197 tempori-

253 2203 326 2278 bus,
349 2194 439 2262 ltalia
460 2192 639 2280 protulerit:
660 2191 958 2262 nihilominushomo
977 2194 1057 2278 luit,
1149 2239 1151 2242 -

167 2333 169 2336 -
254 2277 289 2346 bi
310 2277 447 2346 humanis
467 2273 548 2340 vitiis
569 2273 735 2343 obnoxius.
757 2271 795 2340 In
816 2274 899 2342 libris
921 2276 957 2341 de
977 2277 1052 2342 Par-

254 2377 288 2428 tu
311 2358 446 2438 Virginis
460 2355 493 2422 δι
506 2355 536 2418 in
559 2353 682 2438 Eclogis
703 2350 875 2423 Pil'catoriis
897 2357 1053 2425 AEneidem

154 2487 156 2490 -
191 2439 202 2518 [²
253 2442 287 2507 ἃ
309 2438 452 2507 Bucolica
473 2435 604 2518 Virgilii,
623 2453 684 2504 non
715 2435 827 2503 imitati
857 2435 977 2519 solum,
1009 2435 1059 2506 seri
1098 2488 1100 2490 ψ

255 2521 389 2589 {rotulari
411 2533 554 2603 praeterea
574 2513 696 2598 ¹troluit3
718 2514 796 2606 quod
817 2515 863 2584 illi
886 2539 923 2584 ex
943 2516 1059 2586 senten·

253 2605 298 2668 ria
333 2601 484 2675 succeffit:
519 2595 649 2680 ejusdem
679 2597 796 2679 Elegia
826 2598 990 2665 Tibullum
1024 2621 1059 2665 ac

253 2679 445 2764 Propertium
464 2680 654 2760 exprimunt,
675 2673 836 2760 Catullum
857 2677 1060 2759 Hendecasyl-

253 2763 339 2838 labi,
360 2757 541 2826 Martialem
563 2761 661 2840 (pace
680 2757 807 2842 dixerint
820 2758 951 2824 A'ndteae
973 2757 1059 2824 Nau·

275 2843 352 2920 erii,
381 2861 469 2925 quent
493 2835 632 2920 Hispano
661 2855 758 2918 poetar
778 2852 934 2922 tantopere
962 2836 1059 2904 intera

175 2959 180 2966 ·
254 2861 319 2991 ium
342 2939 432 3006 atque
454 2919 607 2986 inimicum
631 2916 714 2986 luisse
735 2915 859 3006 legimus
881 2923 893 2998 )
918 2917 1059 3010 pleraque
1142 2957 1151 2967 =

243 3002 511 3088 epigrammata:
544 3021 638 3088 quum
659 3021 759 3066 tamen
791 3020 894 3067 verum
915 3001 1001 3064 decus
1030 3019 1059 3063 ro

255 3080 592 3232 rutulum
609 3077 1058 3245 'murmurillum
1096 3099 1100 3105 ·

370 3205 382 3227 ²
578 3204 580 3208 ·
608 3208 619 3243 r
868 3217 872 3223 ·
923 3233 928 3240 .

254 3248 295 3316 do
337 3241 423 3316 olio·
703 3260 707 3268 “
1034 3282 1058 3289 ·-

262 3345 270 3357 ,.
312 3267 347 3390 Ρ.
389 3291 450 3389 .”.
492 3371 501 3390 .
543 3369 551 3388 .
594 3317 725 3400 varnfi

99 3455 114 3472 s
215 3444 216 3448 =
258 3419 265 3436 ’
316 3401 463 3487 'Egregia
484 3398 807 3491 inspersosrmrendar
828 3419 1057 3484 corporenaevnr.
1149 3421 1151 3426 ·

959 3487 1023 3561 ιΑο
